<?xml version="1.0" encoding="UTF-8"?><collection xmlns="http://www.loc.gov/MARC21/slim"><record><leader>00404nam--2200121-i-4500</leader><controlfield tag="001">000018029</controlfield><controlfield tag="002">20161230</controlfield><controlfield tag="005">20161230201032</controlfield><controlfield tag="008">060222s1000------------r-----000-0-eng-d</controlfield><datafield ind1=" " ind2=" " tag="100"><subfield code="a">Farafanov, I.S., Koblent, I.G., Voikova, K.I</subfield></datafield><datafield ind1=" " ind2=" " tag="245"><subfield code="a">Centrale telefonice automate  sistem zecimal pas cu pas (atc-47).traducere din limba rusa</subfield></datafield><datafield ind1=" " ind2=" " tag="260"><subfield code="a">Bucuresti, Editura Energetica De Stat, 1954. 234 P</subfield></datafield><datafield ind1=" " ind2=" " tag="852"><subfield code="a">3566</subfield></datafield></record></collection>